
@article{clark:go,
  author        = {Christopher Clark and
               Amos J. Storkey},
  title         = {Teaching Deep Convolutional Neural Networks to Play {Go}},
  journal       = {CoRR},
  volume        = {abs/1412.3409},
  year          = {2014},
  url           = {http://arxiv.org/abs/1412.3409},
  archiveprefix = {arXiv},
  eprint        = {1412.3409},
  timestamp     = {Mon, 13 Aug 2018 16:46:39 +0200},
  biburl        = {https://dblp.org/rec/journals/corr/ClarkS14.bib},
  bibsource     = {dblp computer science bibliography, https://dblp.org}
}

@article{wu:go,
  author        = {David J. Wu},
  title         = {Accelerating Self-Play Learning in {Go}},
  journal       = {CoRR},
  volume        = {abs/1902.10565},
  year          = {2019},
  url           = {http://arxiv.org/abs/1902.10565},
  archiveprefix = {arXiv},
  eprint        = {1902.10565},
  timestamp     = {Tue, 21 May 2019 18:03:40 +0200},
  biburl        = {https://dblp.org/rec/journals/corr/abs-1902-10565.bib},
  bibsource     = {dblp computer science bibliography, https://dblp.org}
}

@inproceedings{xiao:mmcts,
  title     = {Memory-augmented monte carlo tree search},
  author    = {Xiao, Chenjun and Mei, Jincheng and M{\"u}ller, Martin},
  booktitle = {Proceedings of the AAAI Conference on Artificial Intelligence},
  volume    = {32},
  number    = {1},
  year      = {2018}
}